@book{leunen,
    author = "Mary-Claire van Leunen",
    title = "A Handbook for Scholors",
    publisher = "Alfred A. Knopf",
    year = 1978,
    memo = "何でもメモっておける"
    }

@book{木下:作技,
    yomi = "Koreo Kinoshita",
    author = "木下 是雄",
    title = "理科系の作文技術",
    series = "中公新書 624",
    publisher = "中央公論社",
    year = 1981
    }